@article{2006Szeliski
 author = {Snavely, Noah and Seitz, Steven M. and Szeliski, Richard},
 title = {Photo Tourism: Exploring Photo Collections in 3D},
 journal = {ACM Trans. Graph.},
 issue_date = {July 2006},
 volume = {25},
 number = {3},
 month = jul,
 year = {2006},
 issn = {0730-0301},
 pages = {835--846},
 numpages = {12},
 url = {http://doi.acm.org/10.1145/1141911.1141964},
 doi = {10.1145/1141911.1141964},
 acmid = {1141964},
 publisher = {ACM},
 address = {New York, NY, USA},
 keywords = {image-based modeling, image-based rendering, photo browsing, structure from motion},
}

@article{2005Brown
author={M. {Brown} and D. G. {Lowe}},
booktitle={Fifth International Conference on 3-D Digital Imaging and Modeling (3DIM'05)},
title={Unsupervised 3D object recognition and reconstruction in unordered datasets},
year={2005},
volume={},
number={},
pages={56-63},
keywords={object recognition;visual databases;image reconstruction;image matching;image motion analysis;cameras;computer graphics;unsupervised 3D object recognition;object reconstruction;unordered datasets;automatic recognition;image databases;image matching;camera matrix;invariant local features;RANSAC algorithm;object motion;sparse bundle adjustment algorithm;Object recognition;Image reconstruction;Image recognition;Cameras;Image databases;Layout;Feature extraction;Computer science;Sparse matrices;Computer vision},
doi={10.1109/3DIM.2005.81},
ISSN={1550-6185},
month={June},}
